%analysis

@online{uoou-gdpr,
  author = {{Úřad pro ochranu osobních údajů}},
  title = {GDPR (obecné nařízení)},
  url = {https://www.uoou.cz/gdpr/ds-3938/p1=3938},
  urldate = {2020-12-27}
}

@online{uoou-prirucka,
  author = {{Úřad pro ochranu osobních údajů}},
  title = {Základní příručka k ochra\-ně údajů},
  url = {https://www.uoou.cz/zakladni-prirucka-k-ochrane-udaju/ds-4744/archiv=0&p1=3938},
  urldate = {2020-12-27}
}

@misc{gdpr-pro-ucitele,
  author = {},
  title = {Stručný průvodce nařízením GDPR pro školy a učitele},
  url = {https://www.schooleducationgateway.eu/cz/pub/resources/tutorials/brief-gdpr-guide-for-schools.htm},
  urldate = {2020-12-27},
  year = {2018}
}

@online{gdpr-ve-skolstvi,
  author = {},
  title = {GDPR VE ŠKOLSTVÍ},
  url = {https://www.skolaonline.cz/GDPR/GDPRve%C5%A1kolstv%C3%AD.aspx},
  urldate = {2020-12-27}
}

@misc{epravo-osobni-udaje,
  author = {Tomáš Chlebus and Jakub Dostál},
  title = {Nový zákon o zpracování osobních údajů},
  url = {https://www.epravo.cz/top/clanky/novy-zakon-o-zpracovani-osobnich-udaju-109312.html},
  urldate = {2020-12-27},
  year = {2019}
}

@online{funkcni_pozadavky,
  author = {{PM Consulting s.r.o.}},
  title = {Funkční požadavky},
  url = {https://www.pmconsulting.cz/slovnikovy-pojem/funkcni-pozadavky/},
  urldate = {2020-12-30}
}

@article{zk561,
  author = {{ČESKO}},
  title = {Zákon č. 561/2004 Sb. o předškolním, základním, středním, vyšším odborném a jiném vzdělávání (školský zákon)},
  journal = {Sbírka zákonů},
  year = {2004},
  url = {https://www.psp.cz/sqw/sbirka.sqw?cz=561&r=2004},
  howpublished = {online}
}

@article{zk499,
  author = {{ČESKO}},
  title = {Zákon č. 499/2004 Sb. o archivnictví a spisové službě a o změně některých zákonů},
  journal = {Sbírka zákonů},
  year = {2004},
  url = {https://www.psp.cz/sqw/sbirka.sqw?cz=499&r=2004},
  howpublished = {online}
}

%research

@online{etridnice,
  author = {{just4web.cz s.r.o.}},
  title = {Šetřete svůj čas i energii},
  url = {https://www.etridnice.cz/},
  urldate = {2020-11-09}
}

@online{etridnice-cena,
  author = {{just4web.cz s.r.o.}},
  title = {Ceník},
  url = {https://www.etridnice.cz/ceny/},
  urldate = {2020-11-09}
}

@online{etridnice-podpora,
  author = {{just4web.cz s.r.o.}},
  title = {Podpora},
  url = {https://www.etridnice.cz/podpora/},
  urldate = {2020-11-09}
}

@online{edookit,
  author = {{Edookit s.r.o.}},
  title = {U nás mají rodiče i učitelé školu rádi. A víte proč?},
  url = {https://www.edookit.com/cs/home},
  urldate = {2020-11-13}
}

@online{edookit-podminky,
  author = {{Edookit s.r.o.}},
  title = {Obchodní podmínky společnosti Edookit s.r.o.},
  url = {https://www.edookit.com/cs/terms-and-conditions},
  urldate = {2020-11-13}
}

@online{bakalari,
  author = {{BAKALÁŘI software s.r.o.}},
  title = {Mezi školou a rodinou},
  url = {https://www.bakalari.cz/},
  urldate = {2020-11-11}
}

@online{bakalari_nasazeni,
  author = {{BAKALÁŘI software s.r.o.}},
  title = {Možnosti nasazení systému Bakaláři},
  url = {https://www.bakalari.cz/Static/cloud},
  urldate = {2020-11-11}
}

%design


%z prednasky 
@misc{pripady-uziti-prednaska,
  author = {Jiří Mlejnek},
  title = {BI-SI1, Před. 3},
  subtitle = {Analýza a sběr požadavků},
  url = {https://moodle-vyuka.cvut.cz/pluginfile.php/312257/mod_resource/content/4/03.prednaska.pdf},
  urldate = {2021-01-19},
  year = {2020}
}

@book{sw-architektura,
author = {Len Bass and Paul Clements and Rick Kazman},
title = {Software architecture in practice},
location = {Upper Saddle River, NJ},
publisher = {Addison-Wesley},
date = {2013},
isbn = {978-0-321-81573-6},
edition = {3}
}

@mastersthesis {dp-mvc,
	title={Vývoj webových aplikací na platformě ASP.NET MVC a Single Page Application},
	author={Přemysl Šulc},
	year={2017},
	type = "{Diplomová práce}",
	school = "Univerzita Hradec Králové",
	url = {https://theses.cz/id/tq859n/24556801},
	howpublished = {online}
}

%implementation and testing

@misc {net-introduction,
    title   = {Introduction to .NET},
    urldate = {2021-01-23},
    url     = {https://docs.microsoft.com/en-us/dotnet/core/introduction},
    year    = {2020},
    author  = {}
}

@misc {net-mvc-overview,
    title   = {Overview of ASP.NET Core MVC},
    urldate = {2021-01-23},
    url     = {https://docs.microsoft.com/en-us/aspnet/core/mvc/overview?view=aspnetcore-5.0},
    year    = {2020},
    author  = {Steve Smith}
}

@misc {net-dependency-injection,
    title   = {Dependency injection in ASP.NET Core},
    urldate = {2021-01-23},
    url     = {https://docs.microsoft.com/en-us/aspnet/core/fundamentals/dependency-injection?view=aspnetcore-5.0},
    year    = {2020},
    author  = {Kirk Larkin and Steve Smith and Scott Addie and Brandon Dahler}
}

@misc {net-core-introduction,
    title   = {Introduction to ASP.NET Core},
    urldate = {2021-01-23},
    url     = {https://docs.microsoft.com/en-us/aspnet/core/introduction-to-aspnet-core?view=aspnetcore-5.0},
    year    = {2020},
    author  = {Daniel Roth and Rick Anderson and Shaun Luttin}
}

@misc {net-views,
    title   = {Views in ASP.NET Core MVC},
    urldate = {2021-01-24},
    url     = {https://docs.microsoft.com/en-us/aspnet/core/mvc/views/overview?view=aspnetcore-5.0},
    year    = {2019},
    author  = {Steve Smith}
}

@misc {css,
    title   = {CSS Introduction},
    urldate = {2021-01-24},
    url     = {https://www.w3schools.com/css/css_intro.asp},
    year    = {2021},
    author  = {{Refsnes Data as}}
}

@misc {bootstrap-w3s,
    title   = {Bootstrap 4 Get Started},
    urldate = {2021-01-24},
    url     = {https://www.w3schools.com/bootstrap4/bootstrap_get_started.asp},
    year    = {2021},
    author  = {{Refsnes Data as}}
}

@misc {bootstrap,
    title   = {Bootstrap},
    urldate = {2021-01-24},
    url     = {https://getbootstrap.com/},
    year    = {2021},
    author  = {{Twitter, Inc}}
}

@misc {jquery,
    title   = {jQuery},
    urldate = {2021-01-24},
    url     = {https://jquery.com/},
    year    = {2021},
    author  = {{OpenJS Foundation}}
}

@misc {what-is-js,
    title   = {What is JavaScript?},
    urldate = {2021-01-24},
    url     = {https://developer.mozilla.org/en-US/docs/Learn/JavaScript/First_steps/What_is_JavaScript},
    year    = {2021},
    author  = {}
}

@misc {react,
    title   = {A JavaScript library for building user interfaces},
    urldate = {2021-01-24},
    url     = {https://reactjs.org/},
    year    = {2021},
}

@misc {co-je-sql,
    title   = {Co je databáze?},
    urldate = {2021-01-25},
    url     = {https://www.oracle.com/cz/database/what-is-database/},
    year    = {2021},
    author  = {}
}
 
@misc {sql-vs-nosql,
    title   = {SQL vs. NoSQL Databases: What's the Difference?},
    urldate = {2021-01-25},
    url     = {https://www.ibm.com/cloud/blog/sql-vs-nosql},
    year    = {2020},
    author  = {Benjamin Anderson and Brad Nicholson}
}

@misc {ef-core,
    title   = {Entity Framework Core},
    urldate = {2021-01-25},
    url     = {https://docs.microsoft.com/en-us/ef/core/},
    year    = {2020},
    author  = {}
}

@misc {code-first,
    title   = {Code First Approach In ASP.NET Core MVC With EF Core Migration},
    urldate = {2021-01-25},
    url     = {https://www.c-sharpcorner.com/article/code-first-approach-in-asp-net-core-mvc-with-ef-core-migration/},
    year    = {2018},
    author  = {Mukesh Kumar}
}

@misc {database-providers,
    title   = {Database Providers},
    urldate = {2021-01-25},
    url     = {https://docs.microsoft.com/en-us/ef/core/providers/?tabs=dotnet-core-cli},
    year    = {2019},
    author  = {}
}

@misc {areas,
    title   = {Areas in ASP.NET Core},
    urldate = {2021-01-25},
    url     = {https://docs.microsoft.com/en-us/aspnet/core/mvc/controllers/areas?view=aspnetcore-5.0},
    year    = {2019},
    author  = {Dhananjay Kumar and Rick Anderson}
}

@misc {autentizace-autorizace,
    title   = {Authentication vs. authorization},
    urldate = {2021-02-01},
    url     = {https://docs.microsoft.com/en-us/azure/active-directory/develop/authentication-vs-authorization},
    year    = {2020},
    author  = {}
}

@misc {cookie-autentizace,
    title   = {Use cookie authentication without ASP.NET Core Identity},
    urldate = {2021-02-01},
    url     = {https://docs.microsoft.com/en-us/aspnet/core/security/authentication/cookie?view=aspnetcore-5.0},
    year    = {2020},
    author  = {Rick Anderson}
}

@misc {mailkit,
    title   = {A cross-platform .NET library for IMAP, POP3, and SMTP.},
    urldate = {2021-02-02},
    url     = {https://github.com/jstedfast/MailKit},
    year    = {2020},
    author  = {Jeffrey Stedfast}
}

@misc {jsreport,
    title   = {jsreport .NET sdk home repository},
    urldate = {2021-02-02},
    url     = {https://github.com/jsreport/jsreport-dotnet},
    year    = {2017},
    author  = {Jan Bláha}
}

@misc {bcrypt,
    title   = {BCrypt.Net - Bringing updates to the original bcrypt package},
    urldate = {2021-02-02},
    url     = {https://github.com/BcryptNet/bcrypt.net},
    year    = {2016},
    author  = {{BCrypt.net}}
}

@online {licence,
    title   = {MIT licence},
    urldate = {2021-02-02},
    url     = {https://wiki.pirati.cz/kci/mit_licence},
    author  = {{Česká pirátská strana}}
}

@misc {what-is-sw-testing,
    title   = {What is software testing?},
    urldate = {2021-02-04},
    url     = {https://www.ibm.com/topics/software-testing},
    year    = {2021},
    author  = {}
}

@misc {sw-testing-types,
    title   = {The different types of software testing},
    urldate = {2021-02-04},
    url     = {https://www.atlassian.com/continuous-delivery/software-testing/types-of-software-testing},
    year    = {2021},
    author  = {Sten Pittet}
}

%evaluation

@online{manday,
	author = {},
	title = {Člověkoden (Man-day)},
	year = {2018},
	url = {https://managementmania.com/cs/clovekoden-manday},
	urldate = {2021-03-27},
}

@online{md-benchmark,
	author = {{COOLPEOPLE CZECH s. r. o.}},
	title = {Znáte svoji cenu?},
	year = {2020},
	url = {https://www.coolpeople.cz/benchmark},
	urldate = {2021-03-29},
}

@online{webhosting-difference,
	author = {Desire Athow and Mayank Sharma},
	title = {What are the different types of web hosting?},
	year = {2020},
	url = {https://www.techradar.com/web-hosting/what-are-the-different-types-of-web-hosting},
	urldate = {2021-03-28},
}

@online{what-is-cloud,
	author = {},
	title = {What is cloud hosting?},
	year = {2021},
	url = {https://www.ibm.com/cloud/learn/what-is-cloud-hosting},
	urldate = {2021-03-28},
}

@online{cloud-cons,
	author = {Craig Buckler},
	title = {Cloud Hosting: the Pros and Cons},
	year = {2017},
	url = {https://www.sitepoint.com/cloud-hosting-pros-cons/},
	urldate = {2021-03-28},
}

@online{sqlserver-linux-req,
	author = {},
	title = {Installation guidance for SQL Server on Linux},
	year = {2020},
	url = {https://docs.microsoft.com/en-us/sql/linux/sql-server-linux-setup?view=sql-server-ver15},
	urldate = {2021-03-28},
}


@online{linux-server,
	author = {{INTERNET CZ a.s.}},
	title = {VPS -- virtuální servery s SSD},
	year = {2021},
	url = {https://www.forpsi.com/virtual/},
	urldate = {2021-03-28},
}












